@inproceedings{vihavainen2011extreme,
  title={Extreme apprenticeship method: key practices and upward scalability},
    author={Vihavainen, Arto and Paksula, Matti and Luukkainen, Matti and Kurhila, Jaakko},
	  booktitle={Proceedings of the 16th annual joint conference on Innovation and technology in computer science education},
	    pages={273--277},
		  year={2011},
		    organization={ACM}
}
@inproceedings{hautala2012extreme,
	title={Extreme apprenticeship method in teaching university-level mathematics},
	author={Hautala, Terhi and Romu, Tiina and R{\"a}m{\"o}, Johanna and Vikberg, Thomas},
	booktitle={Proc. of the 12th International Congress on Mathematical Education, International Commission on Mathematical Instruction},
	year={2012}
}

@book{vygotsky1978mind,
  title={Mind in Society: The Development of Higher Psychological Processes},
    author={Vygotsky, L.S. and Cole, M.},
	  isbn={9780674576292},
	    lccn={lc77026023},
		  url={http://books.google.fi/books?id=RxjjUefze\_oC},
		    year={1978},
			  publisher={Harvard University Press}
}
@article{kirschnerswellerclark,
  title={Why minimal guidance during instruction does not work: an analysis of the failure of constructivist, discovery, problem-based, experiential, and inquiry-based teaching},
    author={Kirschner, P.A. and Sweller, J. and Clark, R.E},
	  journal={Educational Psychologist},
	    year={2006},
		  volume={41},
		    number={2},
			  pages={75-86}
}
@inbook{schoenfeld,
  title={Learning to think mathematically: Problem solving, metacognition,
  and sense making in mathematics},
    author={Schoenfeld, A.},
	  editor={Grouws, Douglas},
	    publisher={MacMillan},
		  journal={Handbook for Research on Mathematics Teaching and Learning},
		    year={1992},
			  pages={334-370}
}
@article{mathanx,
  title={Math anxiety: Personal, educational, and cognitive consequences},
    author={Ashcraft, Mark H},
	  journal={Current Directions in Psychological Science},
	    volume={11},
		  number={5},
		    pages={181--185},
			  year={2002},
			    publisher={SAGE Publications}
}
